<?xml version="1.0" encoding="UTF-8"?><record xmlns="http://www.loc.gov/MARC21/slim" xmlns:cinclude="http://apache.org/cocoon/include/1.0" xmlns:zs="http://www.loc.gov/zing/srw/">
  <leader>00446nz  a2200133n  4500</leader>
  <controlfield tag="001">n  85111453 </controlfield>
  <controlfield tag="003">DLC</controlfield>
  <controlfield tag="005">19850515153358.4</controlfield>
  <controlfield tag="008">850430n| acannaab|          |a aaa |||  </controlfield>
  <datafield tag="010" ind1=" " ind2=" ">
    <subfield code="a">n  85111453 </subfield>
  </datafield>
  <datafield tag="040" ind1=" " ind2=" ">
    <subfield code="a">DLC</subfield>
    <subfield code="c">DLC</subfield>
    <subfield code="d">DLC</subfield>
  </datafield>
  <datafield tag="100" ind1="1" ind2="0">
    <subfield code="a">Herberger, L.</subfield>
    <subfield code="t">Sozialversicherungspflichtig BeschaĚftigte in der BeschaĚftigtenstatistik und im Mikrozensus.</subfield>
    <subfield code="l">English</subfield>
  </datafield>
  <datafield tag="400" ind1="1" ind2="0">
    <subfield code="a">Herberger, L.</subfield>
    <subfield code="t">Surveys and registers</subfield>
  </datafield>
  <datafield tag="670" ind1=" " ind2=" ">
    <subfield code="a">His Surveys and registers, 1983.</subfield>
  </datafield>
</record>